@article{Julien2010,
    Author = {Julien, K. and Knobloch, E.},
    Title = {Magnetorotational instability: recent developments},
    Journal = {Philosophical Transactions of the Royal Society A},
    Volume = {368},
    Pages = {1607--1633},
    Year = {2010},
    Month = {March},
}
